@online{umanesimo,
  year = {2019},
  title = {MANIFESTO DI VIENNA PER Lâ€™UMANESIMO DIGITALE},
  url = {https://dighum.ec.tuwien.ac.at/wp-content/uploads/2019/07/Vienna_Manifesto_on_Digital_Humanism_IT.pdf}
}
@online{isScience,
  year = {2019},
  title = {Is Computer Science Science},
  author= {Peter J. Denning},
  url = {https://informatica.i-learn.unito.it/pluginfile.php/338972/mod_resource/content/1/isComputerScience%20AScience.pdf}
}
@online{corvi,
  title = {Paradosso dei corvi},
  author = {Carl Gustav Hempel},
  url = {https://it.wikipedia.org/wiki/Paradosso_dei_corvi}
}
@online{insegnare,
  title = {Informatica e competenze digitali: cosa insegnare?},
  author = {Enrico Nardelli},
  url = {https://link-and-think.blogspot.com/2019/03/informatica-e-competenze-digitali-cosa.html}
}
