@online{umanesimo,
  year = {2019},
  title = {MANIFESTO DI VIENNA PER Lâ€™UMANESIMO DIGITALE},
  url = {https://dighum.ec.tuwien.ac.at/wp-content/uploads/2019/07/Vienna_Manifesto_on_Digital_Humanism_IT.pdf}
}
@online{isScience,
  year = {2019},
  title = {Is Computer Science Science},
  author= {Peter J. Denning},
  url = {https://informatica.i-learn.unito.it/pluginfile.php/338972/mod_resource/content/1/isComputerScience%20AScience.pdf}
}
@online{corvi,
  title = {Paradosso dei corvi},
  author = {Carl Gustav Hempel},
  url = {https://it.wikipedia.org/wiki/Paradosso_dei_corvi}
}
@online{insegnare,
  title = {Informatica e competenze digitali: cosa insegnare?},
  author = {Enrico Nardelli},
  url = {https://link-and-think.blogspot.com/2019/03/informatica-e-competenze-digitali-cosa.html}
}
@online{NLD,
  title = {A Necessity-Driven Ride on the Abstraction Rollercoaster of CS1 Programming},
  author = { Marco SBARAGLIA   Michael LODI   Simone MARTINI   },
  url = {https://infedu.vu.lt/journal/INFEDU/article/721/info}
}
@online{gears,
  author = {Dr. Seymour Papert},
  year = {1980},
  title = {The Gears of My Childhood},
  url = {http://dailypapert.com/the-gears-of-my-childhood/}
}
@online{articolo,
  title = {Programming Patterns and Design Patterns in the Introductory Computer Science Course},
  author = {Viera K. Proulx},
  url = {http://www.ccs.northeastern.edu/home/vkp/Papers/Patterns-sigcse2000.pdf},
}
@online{tesi,
  year = {2012},
  title = {Visual Program Simulation in Introductory Programming Education},
  url = {https://www.researchgate.net/publication/259998409_Visual_Program_Simulation_in_Introductory_Programming_Education},
  author = {Juha Sorva}
}
