@online{tesi,
  year = {2012},
  title = {Visual Program Simulation in Introductory Programming Education},
  url = {https://www.researchgate.net/publication/259998409_Visual_Program_Simulation_in_Introductory_Programming_Education},
  author = {Juha Sorva}
}
