@online{articolo,
  title = {Programming Patterns and Design Patterns in the Introductory Computer Science Course},
  url = {http://www.ccs.northeastern.edu/home/vkp/Papers/Patterns-sigcse2000.pdf}
}
