@online{gears,
  author = {Dr. Seymour Papert},
  year = {1980},
  title = {The Gears of My Childhood},
  url = {http://dailypapert.com/the-gears-of-my-childhood/}
}
