@online{NLD,
  title = {A Necessity-Driven Ride on the Abstraction Rollercoaster of CS1 Programming},
  author = { Marco SBARAGLIA   Michael LODI   Simone MARTINI   },
  url = {https://infedu.vu.lt/journal/INFEDU/article/721/info}
}
